---
---

@book{mehtakataikanemitsu,
  bibtex_show={true},
  abbr={MKKbookchap},
  title={Chapter 18: On Periodic Dirichlet Series and Special Functions, Advanced Mathematical Analysis and its Applications (1st ed.).},
  author={Jay Mehta and Imre KÃ¡tai and Kanemitsu, S.},
  year={2023},
  publisher={Chapman and Hall/CRC},
  preview={bookchapterkataikanemitsu.jpg},
  abstract={We present an example of algebraic elucidation of analytic expressions by the finite form of the Dirichlet class number formula. It was shown by [Hashimoto et al. (2008)] that the finite form for the Dirichlet \(L\)-function value \(L(1,\chi)\), \(\chi\neq \chi_{0}\)\ is equivalent to Gauss' first formula for the Euler digamma function. In this paper, we shall generalize this to the case of Discrete Fourier Transform and reveal the underlying algebraic structure.},
  doi={https://doi.org/10.1201/9781003388678},
  html={https://doi.org/10.1201/9781003388678}
}

@book{jaymehtatop,
  bibtex_show={true},
  abbr={JayMehtaTopology},
  title={General Topology for Beginners},
  author={Jay Mehta},
  year={2025},
  publisher={Cambridge University Press},
  preview={jaymehtatopology.jpg},
  ISBN={9781009505871},
  url={https://books.google.co.in/books?id=mNrv0AEACAAJ},
  html={https://www.cambridge.org/in/universitypress/subjects/mathematics/geometry-and-topology/general-topology-beginners?format=PB&isbn=9781009505888}
}




