---
---

@book{jaymehtatop,
  bibtex_show={true},
  abbr={JayMehtaTopology},
  title={General Topology for Beginners},
  author={Jay Mehta},
  year={2025},
  publisher={Cambridge University Press},
  preview={jaymehtatopology.jpg},
  ISBN={9781009505888},
  url={https://books.google.co.in/books?id=mNrv0AEACAAJ},
  html={https://www.cambridge.org/in/universitypress/subjects/mathematics/geometry-and-topology/general-topology-beginners?format=PB&isbn=9781009505888},
  website={https://www.cambridge.org/highereducation/books/general-topology-for-beginners/3BD5141C1821C6CF3A78BB2ECDC937D3#overview},
  amazon={https://www.amazon.in/General-Topology-Beginners-Jay-Mehta/dp/1009505882/ref=sr_1_3?crid=1QACG5WIZDRDX&dib=eyJ2IjoiMSJ9.Upu3ZjMT3B7l4r9YLtk5_p4dkuwW9OsdhGMati_5J9-VtSXJCF59hS7A7pkzn_qbYW6i0bdwN4bIkQGUbEzsSF9vsZ9AuQDdjW3ot76QZSqlrNJapaeno__XnulExva_VGmigjLTGXvMI03ea6Bm6zPAo2DAuVePJMgpcLD1VswFzWGXKpPxaMfiAq6Pyk1D.29YveNTIkAPObD0HHkZoCCuuBoJyour0VxTXzigSn7U&dib_tag=se&keywords=general+topology+for+beginners&qid=1731742352&sprefix=general+topology+for+beginners%2Caps%2C220&sr=8-3}
}




