---
---

@article{Yang2023,
author={Yang, Q. and Mehta, J. and Kanemitsu, S.},
title={On Popov’s Explicit Formula and the Davenport Expansion},
journal={Czechoslovak Mathematical Journal},
year={2023},
doi={10.21136/CMJ.2023.0322-22},
note={cited By 0},
url={https://www.scopus.com/inward/record.uri?eid=2-s2.0-85152408300&doi=10.21136%2fCMJ.2023.0322-22&partnerID=40&md5=423b6d67fb760a392eeb25ab5d777b8a},
publisher={Springer Science and Business Media Deutschland GmbH},
issn={00114642},
bibtex_show={true},
preview={czechoslovak.png},
html={https://link.springer.com/article/10.21136/cmj.2023.0322-22},
pdf={https://link.springer.com/content/pdf/10.21136/CMJ.2023.0322-22.pdf?pdf=button}
}

@article{Mehta_2022,
abbr={HRJ},
doi={10.46298/hrj.2022.7663},
url={https://doi.org/10.46298%2Fhrj.2022.7663},
year={2022},
month={jan},
publisher={Centre pour la Communication Scientifique Directe ({CCSD})},
volume={44},
author = {Jay Mehta and P.-Y. Zhu},
title={Proof of the functional equation for the Riemann zeta-function},
bibtex_show={true},
journal = {Hardy-Ramanujan Journal},
html={https://hrj.episciences.org/7663},
pdf={https://hrj.episciences.org/7663/pdf}
}

@article{Mehta202252,
abbr={College Math. J.},
author={Mehta, J.},
title={A Short Generalized Proof of Infinitude of Primes},
journal={College Mathematics Journal},
year={2022},
volume={53},
number={1},
pages={52-53},
doi={10.1080/07468342.2022.1987114},
note={cited By 0},
url={https://www.scopus.com/inward/record.uri?eid=2-s2.0-85119354300&doi=10.1080%2f07468342.2022.1987114&partnerID=40&md5=123cbe78d9696416de2a13fcd4b6e6bf},
publisher={Taylor and Francis Ltd.},
issn={07468342},
preview={cmj.png},
bibtex_show={true},
selected={true},
html={https://www.tandfonline.com/doi/full/10.1080/07468342.2022.1987114},
pdf={https://www.tandfonline.com/doi/pdf/10.1080/07468342.2022.1987114}
}

@article{Kumar20201935,
abbr={IJNT},
author={Kumar, B. and Mehta, J. and Viswanadham, G.K.},
title={Some remarks on the Fourier coefficients of cusp forms},
journal={International Journal of Number Theory},
year={2020},
volume={16},
number={9},
pages={1935-1943},
doi={10.1142/S1793042120500992},
note={cited By 0},
url={https://www.scopus.com/inward/record.uri?eid=2-s2.0-85088936227&doi=10.1142%2fS1793042120500992&partnerID=40&md5=1cf7b6f0d4c0f3cd1465bf58d3eb5b4f},
publisher={World Scientific},
issn={17930421},
bibtex_show={true},
preview={ijnt.jpeg}
}

@article{Wang2020313,
abbr={Kyushu},
author={Wang, X. and Mehta, J. and Kanemitsu, S.},
title={The boundary lerch zeta-function and short character sums À la y. Yamamoto},
journal={Kyushu Journal of Mathematics},
year={2020},
volume={74},
number={2},
pages={313-335},
doi={10.2206/kyushujm.74.313},
note={cited By 3},
url={https://www.scopus.com/inward/record.uri?eid=2-s2.0-85084494022&doi=10.2206%2fkyushujm.74.313&partnerID=40&md5=f46f7661765a3f0deef855c04b494504},
publisher={Kyushu University, Faculty of Science},
issn={13406116},
bibtex_show={true},
preview={kyushu.jpeg},
html={https://www.worldscientific.com/doi/10.1142/S1793042120500992},
pdf={https://www.worldscientific.com/doi/reader/10.1142/S1793042120500992}
}

@article{Li2020,
abbr={Math. Probl. Eng.},
author={Li, W. and Li, H. and Mehta, J.},
title={Around the Lipschitz Summation Formula},
journal={Mathematical Problems in Engineering},
year={2020},
volume={2020},
doi={10.1155/2020/5762823},
art_number={5762823},
note={cited By 2},
url={https://www.scopus.com/inward/record.uri?eid=2-s2.0-85084431836&doi=10.1155%2f2020%2f5762823&partnerID=40&md5=e4073e9aee8072a5fdda5f5ea002a43d},
publisher={Hindawi Limited},
bibtex_show={true},
preview={mathprobleng.png},
issn={1024123X}
}

@article{Mehta20171431,
abbr={JMSJ},
author={Mehta, J. and Viswanadham, G.K.},
title={Analytic continuation of multiple Hurwitz zeta functions},
journal={Journal of the Mathematical Society of Japan},
year={2017},
volume={69},
number={4},
pages={1431-1442},
doi={10.2969/jmsj/06941431},
note={cited By 3},
url={https://www.scopus.com/inward/record.uri?eid=2-s2.0-85032792705&doi=10.2969%2fjmsj%2f06941431&partnerID=40&md5=1c860b0b160b22ba213501d389cb30bc},
publisher={Mathematical Society of Japan},
issn={00255645},
bibtex_show={true},
preview={jmsj.gif},
html={https://projecteuclid.org/journals/journal-of-the-mathematical-society-of-japan/volume-69/issue-4/Analytic-continuation-of-multiple-Hurwitz-zeta-functions/10.2969/jmsj/06941431.full},
}

@article{Mehta2016487,
abbr={JNT},
author={Mehta, J. and Saha, B. and Viswanadham, G.K.},
title={Analytic properties of multiple zeta functions and certain weighted variants, an elementary approach},
journal={Journal of Number Theory},
year={2016},
volume={168},
pages={487-508},
doi={10.1016/j.jnt.2016.04.027},
note={cited By 15},
url={https://www.scopus.com/inward/record.uri?eid=2-s2.0-84975853258&doi=10.1016%2fj.jnt.2016.04.027&partnerID=40&md5=e6698d78f452e577e7f5fe2408f9ab35},
publisher={Academic Press Inc.},
issn={0022314X},
preview={jnt.jpeg},
bibtex_show={true},
selected={true},
html={https://www.sciencedirect.com/science/article/pii/S0022314X1630107X},
pdf={https://www.sciencedirect.com/science/article/pii/S0022314X1630107X/pdfft?md5=8e9b59a83e41b9a5afd4cd841d574951&pid=1-s2.0-S0022314X1630107X-main.pdf}
}

@article{Mehta2015123,
abbr={Funct. Appox.},
author={Mehta, J. and Viswanadham, G.K.},
title={Set of uniqueness of shifted Gaussian primes},
journal={Functiones et Approximatio, Commentarii Mathematici},
year={2015},
volume={53},
number={1},
pages={123-133},
doi={10.7169/facm/2015.53.1.7},
note={cited By 0},
url={https://www.scopus.com/inward/record.uri?eid=2-s2.0-84952880100&doi=10.7169%2ffacm%2f2015.53.1.7&partnerID=40&md5=2a00bfd9ea32e736e92eb2511d2d127c},
publisher={Adam Mickiewicz University Press},
issn={02086573},
bibtex_show={true},
preview={functionapprox.jpeg},
html={https://projecteuclid.org/journals/functiones-et-approximatio-commentarii-mathematici/volume-53/issue-1/Set-of-uniqueness-of-shifted-Gaussian-primes/10.7169/facm/2015.53.1.7.full},
pdf={https://projecteuclid.org/journals/functiones-et-approximatio-commentarii-mathematici/volume-53/issue-1/Set-of-uniqueness-of-shifted-Gaussian-primes/10.7169/facm/2015.53.1.7.pdf}
}

@article{Mehta20141783,
abbr={IJNT},
author={Mehta, J. and Viswanadham, G.K.},
title={Quasi-uniqueness of the set of "gaussian prime plus one's"},
journal={International Journal of Number Theory},
year={2014},
volume={10},
number={7},
pages={1783-1790},
doi={10.1142/S1793042114500559},
note={cited By 1},
url={https://www.scopus.com/inward/record.uri?eid=2-s2.0-84929519532&doi=10.1142%2fS1793042114500559&partnerID=40&md5=084623f16b3449053bf219da17c7ed5d},
publisher={World Scientific},
issn={17930421},
preview={ijnt.jpeg},
bibtex_show={true},
selected={true},
html={https://worldscientific.com/doi/10.1142/S1793042114500559},
pdf={https://worldscientific.com/doi/reader/10.1142/S1793042114500559}
}

@article{Mehta2014110,
abbr={Acta. Math. Hung.},
author={Mehta, J.},
title={On arithmetical functions having constant values in some domain},
journal={Acta Mathematica Hungarica},
year={2014},
volume={142},
number={1},
pages={110-117},
doi={10.1007/s10474-013-0342-8},
note={cited By 0},
url={https://www.scopus.com/inward/record.uri?eid=2-s2.0-84895905737&doi=10.1007%2fs10474-013-0342-8&partnerID=40&md5=f2fbebe6021fe15560b2bd47a64a17c7},
publisher={Kluwer Academic Publishers},
issn={02365294},
bibtex_show={true},
preview={actamathhung.jpeg},
html={https://link.springer.com/article/10.1007/s10474-013-0342-8},
pdf={https://link.springer.com/content/pdf/10.1007/s10474-013-0342-8.pdf?pdf=button}
}

@ARTICLE{Banerjee2014123,
abbr={Proc. Japan},
author={Banerjee, D. and Mehta, J.},
title={Linearized product of two Riemann zeta functions},
journal={Proceedings of the Japan Academy Series A: Mathematical Sciences},
year={2014},
volume={90},
number={8},
pages={123-126},
doi={10.3792/pjaa.90.123},
note={cited By 2},
url={https://www.scopus.com/inward/record.uri?eid=2-s2.0-84908243164&doi=10.3792%2fpjaa.90.123&partnerID=40&md5=bf7d1ad664534b7956fe8717a22c0faa},
publisher={Japan Academy},
issn={03862194},
bibtex_show={true},
preview={proceedingsjapan.jpeg},
html={https://www.projecteuclid.org/euclid.pja/1412341996},
pdf={https://projecteuclid.org/journals/proceedings-of-the-japan-academy-series-a-mathematical-sciences/volume-90/issue-8/Linearized-product-of-two-Riemann-zeta-functions/10.3792/pjaa.90.123.pdf}
}

@article{Chakraborty2014135,
abbr={JDMSC},
author={Chakraborty, K. and Mehta, J.},
title={Preventing Unknown Key-Share Attack using Cryptographic Bilinear Maps},
journal={Journal of Discrete Mathematical Sciences and Cryptography},
year={2014},
volume={17},
number={2},
pages={135-147},
doi={10.1080/09720529.2013.842035},
note={cited By 2},
url={https://www.scopus.com/inward/record.uri?eid=2-s2.0-84905441696&doi=10.1080%2f09720529.2013.842035&partnerID=40&md5=f3c70776733b9356a9b88e61abe761a9},
publisher={Taru Publications},
issn={09720529},
bibtex_show={true},
preview={jdmsc.jpg},
html={https://www.tandfonline.com/doi/abs/10.1080/09720529.2013.842035},
pdf={https://www.tandfonline.com/doi/epdf/10.1080/09720529.2013.842035?needAccess=true&role=button}
}

@article{Chakraborty2012316,
abbr={IJNS},
author={Chakraborty, K. and Mehta, J.},
title={A stamped blind signature scheme based on elliptic curve discrete logarithm problem},
journal={International Journal of Network Security},
year={2012},
volume={14},
number={6},
pages={316-319},
note={cited By 8},
url={https://www.scopus.com/inward/record.uri?eid=2-s2.0-84872790760&partnerID=40&md5=7a36c47407f15b53c67273cec62bad17},
issn={1816353X},
bibtex_show={true},
preview={ijns.jpeg},
pdf={http://ijns.jalaxy.com.tw/contents/ijns-v14-n6/ijns-2012-v14-n6-p316-319.pdf}
}

%book{einstein1956investigations,
%  bibtex_show={true},
%  title={Investigations on the Theory of the Brownian Movement},
%  author={Einstein, Albert},
%  year={1956},
%  publisher={Courier Corporation},
%  preview={brownian-motion.gif}
%  pdf={example_pdf.pdf},
%  altmetric={248277},
%  dimensions={true},
%  selected={true}
%}

